<?xml version="1.0" encoding="UTF-8"?><record xmlns="http://www.loc.gov/MARC21/slim" xmlns:cinclude="http://apache.org/cocoon/include/1.0" xmlns:zs="http://www.loc.gov/zing/srw/">
  <leader>00455nz  a2200145n  4500</leader>
  <controlfield tag="001">no2008165146</controlfield>
  <controlfield tag="003">DLC</controlfield>
  <controlfield tag="005">20081109081013.0</controlfield>
  <controlfield tag="008">081107n| acannaabn          |a aaa     c</controlfield>
  <datafield tag="010" ind1=" " ind2=" ">
    <subfield code="a">no2008165146</subfield>
  </datafield>
  <datafield tag="035" ind1=" " ind2=" ">
    <subfield code="a">(OCoLC)oca07931099</subfield>
  </datafield>
  <datafield tag="040" ind1=" " ind2=" ">
    <subfield code="a">MX-MxBN</subfield>
    <subfield code="b">eng</subfield>
    <subfield code="c">MX-MxBN</subfield>
  </datafield>
  <datafield tag="100" ind1="1" ind2=" ">
    <subfield code="a">Pedraza Gonza패lez, Leonel Alfonso</subfield>
  </datafield>
  <datafield tag="400" ind1="1" ind2=" ">
    <subfield code="a">Gonza패lez, Leonel Alfonso Pedraza</subfield>
  </datafield>
  <datafield tag="670" ind1=" " ind2=" ">
    <subfield code="a">Atlas de laparoscopia ginecolo패gica, 2008:</subfield>
    <subfield code="b">t.p. (Leonel Alfonso Pedraza Gonza패lez)</subfield>
  </datafield>
</record>